%% This BibTeX bibliography file was created using BibDesk.
%% http://bibdesk.sourceforge.net/

%% Created for Jones, Ben at 2016-09-06 14:29:48 -0500 


%% Saved with string encoding Unicode (UTF-8) 

%
% === Intensity Frontier Bibs
%
article{if:ldm-1,
	Author = {B. Batell, M. Pospelov and A. Ritz},
	Date-Added = {2016-09-06 18:56:23 +0000},
	Date-Modified = {2016-09-06 18:56:23 +0000},
	Journal = {Phys.Rev.D},
	Number = {80},
	Pages = {095024},
	Title = {Exploring Portals to a Hidden Sector Through Fixed Targets},
	Volume = {D},
	Year = {2009}}

article{if:ldm-2,
	Author = {P. deNiverville, M. Pospelov and A. Ritz},
	Date-Added = {2016-09-06 18:56:23 +0000},
	Date-Modified = {2016-09-06 18:56:23 +0000},
	Journal = {Phys.Rev.D},
	Number = {84},
	Pages = {075020},
	Title = {Observing a light dark matter beam with neutrino experiments},
	Volume = {D},
	Year = {2011}}

article{if:ldm-3,
	Author = {P deNiverville, D. McKeen and A. Ritz},
	Date-Added = {2016-09-06 18:56:23 +0000},
	Date-Modified = {2016-09-06 18:56:23 +0000},
	Journal = {Phys.Rev.},
	Number = {86},
	Pages = {075020},
	Title = {Signatures of sub-GeV dark matter beams at neutrino experiments},
	Volume = {D},
	Year = {2012}}

article{if:ldm-4,
	Archiveprefix = {arXiv},
	Eprint = {1211.2258},
	Author = {R. Dharmapalan et al},
	Collaboration = {MiniBooNE}
	Date-Added = {2016-09-06 18:56:23 +0000},
	Date-Modified = {2016-09-06 18:56:23 +0000},
	Title = {Low Mass WIMP Searches with a Neutrino Experiment: A Proposal for Further MiniBooNE Running},
	Year = {2012}}

@article{Whittington:2014aha,
	Archiveprefix = {arXiv},
	Author = {Whittington, Denver and Mufson, Stuart},
	Date-Added = {2016-09-06 19:29:09 +0000},
	Date-Modified = {2016-09-06 19:29:09 +0000},
	Eprint = {1408.1763},
	Journal = {Phys.Rev.D},
	Primaryclass = {physics.ins-det},
	Reportnumber = {FERMILAB-PUB-14-413-E},
	Slaccitation = {%%CITATION = ARXIV:1408.1763;%%},
	Title = {{Scintillation Light from Cosmic-Ray Muons in Liquid Argon}},
	Year = {2014}}

@article{Adams:2013qkq,
	Archiveprefix = {arXiv},
	Author = {Adams, C. and others},
	Collaboration = {LBNE},
	Date-Added = {2016-09-06 19:25:59 +0000},
	Date-Modified = {2016-09-06 19:25:59 +0000},
	Eprint = {1307.7335},
	Primaryclass = {hep-ex},
	Reportnumber = {BNL-101354-2013-JA, BNL-101354-2014-JA, FERMILAB-PUB-14-022, LA-UR-14-20881},
	Slaccitation = {%%CITATION = ARXIV:1307.7335;%%},
	Title = {{The Long-Baseline Neutrino Experiment: Exploring Fundamental Symmetries of the Universe}},
	Year = {2013}}

@unpublished{MicroBooNECosmic,
	Author = {{MicroBooNE Collaboration}},
	Date-Added = {2016-09-06 19:23:09 +0000},
	Date-Modified = {2016-09-06 19:24:00 +0000},
	Month = {5},
	Note = {MICROBOONE-NOTE-1005-PUB  \url{http://www-microboone.fnal.gov/publications/publicnotes/MICROBOONE-NOTE-1005-PUB.pdf}},
	Title = {Cosmic Shielding Studies at MicroBooNE},
	Year = {16}}

@unpublished{uBOpticalSim,
	Author = {B. J. P. Jones},
	Date-Added = {2016-09-06 19:13:46 +0000},
	Date-Modified = {2016-09-06 19:13:46 +0000},
	Note = {\textit{MicroBooNE technote, docdb 2313} \url{https://cdcvs.fnal.gov/redmine/projects/larsoftsvn/wiki/Optical_Simulations}},
	Title = {Optical Simulations in LArSoft - Technical Manual}}

@article{Lorca,
	Archiveprefix = {arXiv},
	Arxivid = {arXiv:1407.3966v2},
	Author = {Lorca, D and Laing, A and Ferrario, P and Camargo, M and Cervera, A and Dafni, T and Esteve, R and Ferreira, A L and Gehman, V M and Goldschmidt, A and Hauptman, J and Morata, J A Hernando and Herrera, D C and Irastorza, I G and Labarga, L and Liubarsky, I and Losada, M and Miller, T and Monrabal, F and Monserrate, M and Mora, F J and Moutinho, L M and Nygren, D and Renner, J and Ripoll, L and Santos, F P and Serra, L and Shuman, D and Sofka, C and Sorel, M and Toledo, J F and Torrent, J and Tsamalaidze, Z and Webb, R and White, J T and Yahlali, N},
	Date-Added = {2016-09-06 19:10:49 +0000},
	Date-Modified = {2016-09-06 19:10:49 +0000},
	Eprint = {arXiv:1407.3966v2},
	File = {:Users/jonesb/Library/Application Support/Mendeley Desktop/Downloaded/f200c0a71570de58784d249a1d70da9bf77eef34.pdf:pdf},
	Mendeley-Groups = {Xenon},
	Title = {{Characterisation of NEXT-DEMO using xenon K}},
	Url = {https://arxiv.org/pdf/1407.3966v2.pdf},
	Bdsk-Url-1 = {https://arxiv.org/pdf/1407.3966v2.pdf}}

@article{Castel,
	Archiveprefix = {arXiv},
	Arxivid = {arXiv:1409.2853v1},
	Author = {Castel, J and Cebri, S and Cervera, A and Mart, J and Mart, A},
	Date-Added = {2016-09-06 19:10:49 +0000},
	Date-Modified = {2016-09-06 19:10:49 +0000},
	Eprint = {arXiv:1409.2853v1},
	File = {:Users/jonesb/Library/Application Support/Mendeley Desktop/Downloaded/d7f83e6ee1c85e7fa3cc4fd25310c6b28f8d960a.pdf:pdf},
	Mendeley-Groups = {Xenon},
	Pages = {1--15},
	Title = {{Ionization and scintillation of nuclear recoils in gaseous xenon}},
	Url = {https://arxiv.org/pdf/1409.2853v1.pdf},
	Bdsk-Url-1 = {https://arxiv.org/pdf/1409.2853v1.pdf}}

@article{Cervera,
	Archiveprefix = {arXiv},
	Arxivid = {arXiv:1211.4508v3},
	Author = {Cervera, A and Dafni, T and Egorov, M and Esteve, R and Evtoukhovitch, P and Ferrario, P and Ferreira, A L and Gehman, V M and Gil, A and Goldschmidt, A and Hauptman, J and Morata, J A Hernando and Herrera, D C and Irastorza, I G and Jinete, M A and Labarga, L and Laing, A and Liubarsky, I and Lorca, D and Losada, M and Miller, T and Moiseenko, A and Monrabal, F and Mora, F J and Moutinho, L M},
	Date-Added = {2016-09-06 19:10:49 +0000},
	Date-Modified = {2016-09-06 19:10:49 +0000},
	Eprint = {arXiv:1211.4508v3},
	File = {:Users/jonesb/Library/Application Support/Mendeley Desktop/Downloaded/14f1b7422ffc2a9e58ea3051e094de83b8b65d15.pdf:pdf},
	Mendeley-Groups = {Xenon},
	Title = {{Ionization and scintillation response of high-pressure xenon gas to alpha particles}},
	Url = {https://arxiv.org/pdf/1211.4508v3.pdf},
	Bdsk-Url-1 = {https://arxiv.org/pdf/1211.4508v3.pdf}}

@article{Mart,
	Archiveprefix = {arXiv},
	Arxivid = {arXiv:1507.05902v6},
	Author = {Mart, A},
	Date-Added = {2016-09-06 19:10:49 +0000},
	Date-Modified = {2016-09-06 19:10:49 +0000},
	Eprint = {arXiv:1507.05902v6},
	File = {:Users/jonesb/Library/Application Support/Mendeley Desktop/Downloaded/20da8a7e8cad8b960e259908161792234df98f26.pdf:pdf},
	Mendeley-Groups = {Xenon},
	Title = {{First proof of topological signature in the high pressure xenon gas TPC with electroluminescence amplification for the NEXT experiment}},
	Url = {https://arxiv.org/pdf/1507.05902v6.pdf},
	Bdsk-Url-1 = {https://arxiv.org/pdf/1507.05902v6.pdf}}

@article{Acciarri:2015uup,
	Archiveprefix = {arXiv},
	Author = {Acciarri, R. and others},
	Collaboration = {DUNE},
	Date-Added = {2016-09-06 19:08:30 +0000},
	Date-Modified = {2016-09-06 19:08:30 +0000},
	Eprint = {1512.06148},
	Primaryclass = {physics.ins-det},
	Reportnumber = {FERMILAB-DESIGN-2016-02},
	Slaccitation = {%%CITATION = ARXIV:1512.06148;%%},
	Title = {{Long-Baseline Neutrino Facility (LBNF) and Deep Underground Neutrino Experiment (DUNE)}},
	Year = {2015}}

@article{Antonello:2015lea,
	Archiveprefix = {arXiv},
	Author = {Antonello, M. and others},
	Collaboration = {LAr1-ND, ICARUS-WA104, MicroBooNE},
	Date-Added = {2016-09-06 19:07:57 +0000},
	Date-Modified = {2016-09-06 19:07:57 +0000},
	Eprint = {1503.01520},
	Primaryclass = {physics.ins-det},
	Slaccitation = {%%CITATION = ARXIV:1503.01520;%%},
	Title = {{A Proposal for a Three Detector Short-Baseline Neutrino Oscillation Program in the Fermilab Booster Neutrino Beam}},
	Year = {2015}}

@article{Chen:2007ae,
	Author = {Chen, H. and others},
	Collaboration = {MicroBooNE},
	Date-Added = {2016-09-06 19:07:07 +0000},
	Date-Modified = {2016-09-06 19:07:07 +0000},
	Reportnumber = {FERMILAB-PROPOSAL-0974},
	Slaccitation = {%%CITATION = FERMILAB-PROPOSAL-0974;%%},
	Title = {{Proposal for a New Experiment Using the Booster and NuMI Neutrino Beamlines: MicroBooNE}},
	Year = {2007}}

@article{Cavanna:2014iqa,
	Archiveprefix = {arXiv},
	Author = {Cavanna, F. and Kordosky, M. and Raaf, J. and Rebel, B.},
	Collaboration = {LArIAT},
	Date-Added = {2016-09-06 19:06:42 +0000},
	Date-Modified = {2016-09-06 19:06:42 +0000},
	Eprint = {1406.5560},
	Primaryclass = {physics.ins-det},
	Reportnumber = {FERMILAB-PUB-14-268-E},
	Slaccitation = {%%CITATION = ARXIV:1406.5560;%%},
	Title = {{LArIAT: Liquid Argon In A Testbeam}},
	Year = {2014}}

@inproceedings{Ankowski:2016lab,
	Archiveprefix = {arXiv},
	Author = {Ankowski, Artur and others},
	Date-Added = {2016-09-06 19:04:33 +0000},
	Date-Modified = {2016-09-06 19:04:33 +0000},
	Eprint = {1608.07853},
	Primaryclass = {hep-ex},
	Slaccitation = {%%CITATION = ARXIV:1608.07853;%%},
	Title = {{Supernova Physics at DUNE}},
	Url = {https://inspirehep.net/record/1484266/files/arXiv:1608.07853.pdf},
	Year = {2016},
	Bdsk-Url-1 = {https://inspirehep.net/record/1484266/files/arXiv:1608.07853.pdf}}

@article{Kudryavtsev:2016ybl,
	Archiveprefix = {arXiv},
	Author = {Kudryavtsev, Vitaly A.},
	Booktitle = {{Proceedings, 14th International Conference on Topics in Astroparticle and Underground Physics (TAUP 2015): Torino, Italy, September 7-11, 2015}},
	Collaboration = {DUNE},
	Date-Added = {2016-09-06 19:03:48 +0000},
	Date-Modified = {2016-09-06 19:03:48 +0000},
	Doi = {10.1088/1742-6596/718/6/062032},
	Eprint = {1601.03496},
	Journal = {J. Phys. Conf. Ser.},
	Number = {6},
	Pages = {062032},
	Primaryclass = {physics.ins-det},
	Reportnumber = {FERMILAB-CONF-15-546-ND},
	Slaccitation = {%%CITATION = ARXIV:1601.03496;%%},
	Title = {{Underground physics with DUNE}},
	Volume = {718},
	Year = {2016},
	Bdsk-Url-1 = {http://dx.doi.org/10.1088/1742-6596/718/6/062032}}

@article{Mufson:2013zba,
	Author = {Mufson, S. and Baptista, B.},
	Date-Added = {2016-09-06 19:00:39 +0000},
	Date-Modified = {2016-09-06 19:00:39 +0000},
	Doi = {10.1088/1748-0221/8/12/E12002, 10.1088/1748-0221/8/09/C09012},
	Journal = {JINST},
	Pages = {C09012},
	Slaccitation = {%%CITATION = JINST,8,C09012;%%},
	Title = {{Light guide production for LBNE and the effects of UV exposure on VUV waveshifter efficiency}},
	Volume = {8},
	Year = {2013},
	Bdsk-Url-1 = {http://dx.doi.org/10.1088/1748-0221/8/12/E12002,%2010.1088/1748-0221/8/09/C09012}}

@article{Kryczynski:2015pmj,
	Author = {Kryczynski, Pawel},
	Booktitle = {{Proceedings, Light Detection in Noble Elements (LIDINE 2015): Albany, NY, USA, August 28-30, 2015}},
	Date-Added = {2016-09-06 19:00:03 +0000},
	Date-Modified = {2016-09-06 19:00:03 +0000},
	Doi = {10.1088/1748-0221/11/02/C02086},
	Journal = {JINST},
	Number = {02},
	Pages = {C02086},
	Reportnumber = {FERMILAB-CONF-15-564-ND},
	Slaccitation = {%%CITATION = JINST,11,C02086;%%},
	Title = {{Scintillation Light Detection System in LArIAT}},
	Volume = {11},
	Year = {2016},
	Bdsk-Url-1 = {http://dx.doi.org/10.1088/1748-0221/11/02/C02086}}

@article{Szelc:2013ooa,
	Author = {Szelc, A. M.},
	Booktitle = {{Proceedings, LIght Detection In Noble Elements (LIDINE2013): Batavia, USA, May 29-31, 2013}},
	Collaboration = {LArIAT},
	Date-Added = {2016-09-06 18:59:41 +0000},
	Date-Modified = {2016-09-06 18:59:41 +0000},
	Doi = {10.1088/1748-0221/8/09/C09011},
	Journal = {JINST},
	Pages = {C09011},
	Slaccitation = {%%CITATION = JINST,8,C09011;%%},
	Title = {{The LArIAT light readout system}},
	Volume = {8},
	Year = {2013},
	Bdsk-Url-1 = {http://dx.doi.org/10.1088/1748-0221/8/09/C09011}}

@article{Briese:2013wua,
	Archiveprefix = {arXiv},
	Author = {Briese, T. and Bugel, L. and Conrad, J.M. and Fournier, M. and Ignarra, C. and others},
	Date-Added = {2016-09-06 18:58:30 +0000},
	Date-Modified = {2016-09-06 18:58:30 +0000},
	Doi = {10.1088/1748-0221/8/07/T07005},
	Eprint = {1304.0821},
	Journal = {JINST},
	Pages = {T07005},
	Primaryclass = {physics.ins-det},
	Slaccitation = {%%CITATION = ARXIV:1304.0821;%%},
	Title = {{Testing of Cryogenic Photomultiplier Tubes for the MicroBooNE Experiment}},
	Volume = {8},
	Year = {2013},
	Bdsk-Url-1 = {http://dx.doi.org/10.1088/1748-0221/8/07/T07005}}

@article{Conrad:2015xta,
	Archiveprefix = {arXiv},
	Author = {Conrad, J. and Jones, B.J.P. and Moss, Z. and Strauss, T. and Toups, M.},
	Collaboration = {MicroBooNE},
	Date-Added = {2016-09-06 18:58:30 +0000},
	Date-Modified = {2016-09-06 18:58:30 +0000},
	Doi = {10.1088/1748-0221/10/06/T06001},
	Eprint = {1502.04159},
	Journal = {JINST},
	Number = {06},
	Pages = {T06001},
	Primaryclass = {physics.ins-det},
	Reportnumber = {FERMILAB-PUB-15-036-ND},
	Slaccitation = {%%CITATION = ARXIV:1502.04159;%%},
	Title = {{The Photomultiplier Tube Calibration System of the MicroBooNE Experiment}},
	Volume = {10},
	Year = {2015},
	Bdsk-Url-1 = {http://dx.doi.org/10.1088/1748-0221/10/06/T06001}}

@article{Gehman:2013lsx,
	Archiveprefix = {arXiv},
	Author = {Gehman, V.M. and Ito, T.M. and Griffith, W.C. and Seibert, S.R.},
	Date-Added = {2016-09-06 18:56:23 +0000},
	Date-Modified = {2016-09-06 18:56:23 +0000},
	Doi = {10.1088/1748-0221/8/04/P04024},
	Eprint = {1302.3210},
	Journal = {JINST},
	Pages = {P04024},
	Primaryclass = {physics.ins-det},
	Slaccitation = {%%CITATION = ARXIV:1302.3210;%%},
	Title = {{Characterization of protonated and deuterated Tetra-Phenyl Butadiene Film in a Polystyrene Matrix}},
	Volume = {8},
	Year = {2013},
	Bdsk-Url-1 = {http://dx.doi.org/10.1088/1748-0221/8/04/P04024}}

@article{Gehman:2011xm,
	Archiveprefix = {arXiv},
	Author = {Gehman, V.M. and Seibert, S.R. and Rielage, K. and Hime, A. and Sun, Y. and others},
	Date-Added = {2016-09-06 18:56:23 +0000},
	Date-Modified = {2016-09-06 18:56:23 +0000},
	Doi = {10.1016/j.nima.2011.06.088},
	Eprint = {1104.3259},
	Journal = {Nucl.Instrum.Meth.},
	Pages = {116-121},
	Primaryclass = {astro-ph.IM},
	Slaccitation = {%%CITATION = ARXIV:1104.3259;%%},
	Title = {{Fluorescence Efficiency and Visible Re-emission Spectrum of Tetraphenyl Butadiene Films at Extreme Ultraviolet Wavelengths}},
	Volume = {A654},
	Year = {2011},
	Bdsk-Url-1 = {http://dx.doi.org/10.1016/j.nima.2011.06.088}}

@article{Burton1973,
	Author = {W.M. Burton and B.A. Powell},
	Date-Added = {2016-09-06 18:56:23 +0000},
	Date-Modified = {2016-09-06 18:56:23 +0000},
	Journal = {Appl Opt.},
	Number = {1},
	Pages = {87-9},
	Title = {Fluorescence of tetraphenyl-butadiene in the vacuum ultraviolet.},
	Volume = {12},
	Year = {1973}}

@article{Jones:2012hm,
	Archiveprefix = {arXiv},
	Author = {Jones, B.J.P. and VanGemert, J.K. and Conrad, J.M. and Pla-Dalmau, A.},
	Date-Added = {2016-09-06 18:56:23 +0000},
	Date-Modified = {2016-09-06 18:56:23 +0000},
	Doi = {10.1088/1748-0221/8/01/P01013},
	Eprint = {1211.7150},
	Journal = {JINST},
	Pages = {P01013},
	Primaryclass = {physics.ins-det},
	Slaccitation = {%%CITATION = ARXIV:1211.7150;%%},
	Title = {{Photodegradation Mechanisms of Tetraphenyl Butadiene Coatings for Liquid Argon Detectors}},
	Volume = {8},
	Year = {2013},
	Bdsk-Url-1 = {http://dx.doi.org/10.1088/1748-0221/8/01/P01013}}

@article{Francini:2013Jinst,
	Author = {Francini, R. and Montereali, R.M. and Nichelatti, E. and Vincenti, M.A. and Canci, N. and others},
	Date-Added = {2016-09-06 18:56:23 +0000},
	Date-Modified = {2016-09-06 18:56:23 +0000},
	Doi = {doi:10.1088/1748-0221/8/09/P09006},
	Journal = {JINST},
	Pages = {P09006},
	Title = {{VUV-Vis optical characterization of Tetraphenyl-butadiene films on glass and specular reflector substrates from room to liquid Argon temperature}},
	Volume = {8},
	Year = {2013},
	Bdsk-Url-1 = {http://dx.doi.org/10.1088/1748-0221/8/09/C09010}}

@article{Baptista:2012bf,
	Archiveprefix = {arXiv},
	Author = {Baptista, B. and Bugel, L. and Chiu, C. and Conrad, J.M. and Ignarra, C.M. and others},
	Date-Added = {2016-09-06 18:56:09 +0000},
	Date-Modified = {2016-09-06 18:56:09 +0000},
	Eprint = {1210.3793},
	Primaryclass = {physics.ins-det},
	Slaccitation = {%%CITATION = ARXIV:1210.3793;%%},
	Title = {{Benchmarking TPB-coated Light Guides for Liquid Argon TPC Light Detection Systems}},
	Year = {2012}}

@article{Baptista:2013gna,
	Author = {Baptista, B. and Mufson, S.},
	Date-Added = {2016-09-06 18:56:09 +0000},
	Date-Modified = {2016-09-06 18:56:09 +0000},
	Doi = {10.1088/1748-0221/8/12/C12003},
	Journal = {JINST},
	Pages = {C12003},
	Slaccitation = {%%CITATION = JINST,8,C12003;%%},
	Title = {{Comparison of TPB and bis-MSB as VUV waveshifters in prototype LBNE photon detector paddles}},
	Volume = {8},
	Year = {2013},
	Bdsk-Url-1 = {http://dx.doi.org/10.1088/1748-0221/8/12/C12003}}

@article{Chiu:2012ju,
	Archiveprefix = {arXiv},
	Author = {Chiu, C.S. and Ignarra, C. and Bugel, L. and Chen, H. and Conrad, J.M. and others},
	Date-Added = {2016-09-06 18:56:09 +0000},
	Date-Modified = {2016-09-06 18:56:09 +0000},
	Doi = {10.1088/1748-0221/7/07/P07007},
	Eprint = {1204.5762},
	Journal = {JINST},
	Pages = {P07007},
	Primaryclass = {physics.ins-det},
	Slaccitation = {%%CITATION = ARXIV:1204.5762;%%},
	Title = {{Environmental Effects on TPB Wavelength-Shifting Coatings}},
	Volume = {7},
	Year = {2012},
	Bdsk-Url-1 = {http://dx.doi.org/10.1088/1748-0221/7/07/P07007}}

@article{Hanagodimath2008,
	Author = {S.M. Hanagodimath and B. Siddlingeshwar and J. Thipperudrappa and S. Kumar and B. Hadimani},
	Date-Added = {2016-09-06 18:56:09 +0000},
	Date-Modified = {2016-09-06 18:56:09 +0000},
	Journal = {J. Lumin},
	Number = {4},
	Pages = {335-339},
	Title = {Fluorescence-quenching studies and temperature dependence of fluorescence quantum yield, decay time and intersystem crossing activation energy of TPB},
	Volume = {129},
	Year = {2008}}

@article{Moss:2014ota,
	Archiveprefix = {arXiv},
	Author = {Moss, Z. and Bugel, L. and Collin, G. and Conrad, J.M. and Jones, B.J.P. and others},
	Date-Added = {2016-09-06 18:56:09 +0000},
	Date-Modified = {2016-09-06 18:56:09 +0000},
	Eprint = {1410.6256},
	Primaryclass = {physics.ins-det},
	Slaccitation = {%%CITATION = ARXIV:1410.6256;%%},
	Title = {{Improved TPB-coated Light Guides for Liquid Argon TPC Light Detection Systems}},
	Year = {2014}}

@article{DeepUV,
	Author = {Gary A Shaw},
	Date-Added = {2016-09-06 18:53:51 +0000},
	Date-Modified = {2016-09-06 18:54:51 +0000},
	Journal = {SPIE--The International Society for Optical Engineering},
	Title = {Deep UV photon-counting detectors and applications},
	Volume = {73200J-15.},
	Year = {2009}}

@article{Zabrodskii2015348,
	Abstract = {Abstract A number of proposed experiments aimed at dark matter studies are based on detection of luminescence in liquid argon at 128 nm. Existing solid-state photomultipliers do not have the capability to detect emission at 128 nm in the photon counting mode. Spectral properties of a new silicon photomultiplier prototype for vacuum ultraviolet registration are presented. The prototype demonstrates the photon detection efficiency about 1% in 112--182 nm range. },
	Author = {V. Zabrodskii and P. Aruev and V. Belik and B. Ber and V. Filimomov and E. Kholupenko and D. Kirilenko and A. Krassilchtchikov and A. Nikolaev and E. Sherstnev and A. Vasil'ev},
	Date-Added = {2016-09-06 18:51:10 +0000},
	Date-Modified = {2016-09-06 18:51:10 +0000},
	Doi = {http://dx.doi.org/10.1016/j.nima.2015.01.070},
	Issn = {0168-9002},
	Journal = {Nuclear Instruments and Methods in Physics Research Section A: Accelerators, Spectrometers, Detectors and Associated Equipment},
	Keywords = {Solid-state photomultiplier},
	Note = {New Developments in Photodetection \{NDIP14\}},
	Pages = {348 - 352},
	Title = {SiPM prototype for direct \{VUV\} registration},
	Url = {http://www.sciencedirect.com/science/article/pii/S0168900215001035},
	Volume = {787},
	Year = {2015},
	Bdsk-Url-1 = {http://www.sciencedirect.com/science/article/pii/S0168900215001035},
	Bdsk-Url-2 = {http://dx.doi.org/10.1016/j.nima.2015.01.070}}

@article{Asaadi:2014iva,
	Archiveprefix = {arXiv},
	Author = {Asaadi, J. and Conrad, J. M. and Gollapinni, S. and Jones, B. J. P. and Jostlein, H. and St. John, J. M. and Strauss, T. and Wolbers, S. and Zennamo, J.},
	Date-Added = {2015-11-12 22:05:40 +0000},
	Date-Modified = {2015-11-12 22:05:40 +0000},
	Doi = {10.1088/1748-0221/9/09/P09002},
	Eprint = {1406.5216},
	Journal = {JINST},
	Pages = {P09002},
	Primaryclass = {physics.ins-det},
	Reportnumber = {FERMILAB-PUB-14-194-E},
	Slaccitation = {%%CITATION = ARXIV:1406.5216;%%},
	Title = {{Testing of High Voltage Surge Protection Devices for Use in Liquid Argon TPC Detectors}},
	Volume = {9},
	Year = {2014},
	Bdsk-Url-1 = {http://dx.doi.org/10.1088/1748-0221/9/09/P09002}}

@article{PhysRevC.92.045504,
	Author = {Albert, J. B. and Auty, D. J. and Barbeau, P. S. and Beck, D. and Belov, V. and Breidenbach, M. and Brunner, T. and Burenkov, A. and Cao, G. F. and Chambers, C. and Cleveland, B. and Coon, M. and Craycraft, A. and Daniels, T. and Danilov, M. and Daugherty, S. J. and Davis, C. G. and Davis, J. and Delaquis, S. and Der Mesrobian-Kabakian, A. and DeVoe, R. and Didberidze, T. and Dolgolenko, A. and Dolinski, M. J. and Dunford, M. and Fairbank, W. and Farine, J. and Feldmeier, W. and Fierlinger, P. and Fudenberg, D. and Gornea, R. and Graham, K. and Gratta, G. and Hall, C. and Hughes, M. and Jewell, M. J. and Jiang, X. S. and Johnson, A. and Johnson, T. N. and Johnston, S. and Karelin, A. and Kaufman, L. J. and Killick, R. and Koffas, T. and Kravitz, S. and Kuchenkov, A. and Kumar, K. S. and Leonard, D. S. and Licciardi, C. and Lin, Y. H. and Ling, J. and MacLellan, R. and Marino, M. G. and Mong, B. and Moore, D. and Nelson, R. and O'Sullivan, K. and Odian, A. and Ostrovskiy, I. and Piepke, A. and Pocar, A. and Prescott, C. Y. and Robinson, A. and Rowson, P. C. and Russell, J. J. and Schubert, A. and Sinclair, D. and Smith, E. and Stekhanov, V. and Tarka, M. and Tolba, T. and Tsang, R. and Twelker, K. and Vuilleumier, J.-L. and Waite, A. and Walton, J. and Walton, T. and Weber, M. and Wen, L. J. and Wichoski, U. and Wright, J. D. and Wood, J. and Yang, L. and Yen, Y.-R. and Zeldovich, O. Ya.},
	Collaboration = {EXO-200 Collaboration},
	Date-Added = {2015-11-12 22:01:53 +0000},
	Date-Modified = {2015-11-12 22:16:35 +0000},
	Doi = {10.1103/PhysRevC.92.045504},
	Issue = {4},
	Journal = {Phys. Rev. C},
	Month = {Oct},
	Numpages = {10},
	Pages = {045504},
	Publisher = {American Physical Society},
	Title = {Measurements of the ion fraction and mobility of alpha- and beta-decay products in liquid xenon using the EXO-200 detector},
	Url = {http://link.aps.org/doi/10.1103/PhysRevC.92.045504},
	Volume = {92},
	Year = {2015},
	Bdsk-Url-1 = {http://link.aps.org/doi/10.1103/PhysRevC.92.045504},
	Bdsk-Url-2 = {http://dx.doi.org/10.1103/PhysRevC.92.045504}}

@article{doi:10.1021/jp9092173,
	Author = {Mingzhen Yao and Alan G. Joly and Wei Chen},
	Date-Added = {2015-11-10 19:47:59 +0000},
	Date-Modified = {2015-11-10 19:50:35 +0000},
	Doi = {10.1021/jp9092173},
	Eprint = {http://dx.doi.org/10.1021/jp9092173},
	Journal = {The Journal of Physical Chemistry C},
	Number = {2},
	Pages = {826-831},
	Title = {Formation and Luminescence Phenomena of LaF3:Ce3+ Nanoparticles and Lanthanide-Organic Compounds in Dimethyl Sulfoxide},
	Url = {http://dx.doi.org/10.1021/jp9092173},
	Volume = {114},
	Year = {2010},
	Bdsk-Url-1 = {http://dx.doi.org/10.1021/jp9092173}}

@article{KuanWoo201149,
	Author = {Boon Kuan Woo and Alan G. Joly and Wei Chen},
	Date-Added = {2015-11-10 19:47:02 +0000},
	Date-Modified = {2015-11-10 19:47:02 +0000},
	Doi = {http://dx.doi.org/10.1016/j.jlumin.2010.08.028},
	Issn = {0022-2313},
	Journal = {Journal of Luminescence},
	Keywords = {Defects},
	Number = {1},
	Pages = {49 - 53},
	Title = {Observation of green emission from Ce3+-doped gadolinium oxide nanoparticles},
	Url = {http://www.sciencedirect.com/science/article/pii/S0022231310003613},
	Volume = {131},
	Year = {2011},
	Bdsk-Url-1 = {http://www.sciencedirect.com/science/article/pii/S0022231310003613},
	Bdsk-Url-2 = {http://dx.doi.org/10.1016/j.jlumin.2010.08.028}}

@article{Woo20111283,
	Author = {Boon Kuan Woo and Zhiping Luo and Yang Li and Surinder P. Singh and Alan G. Joly and Marius Hossu and Zhongxin Liu and Wei Chen},
	Date-Added = {2015-11-10 19:46:06 +0000},
	Date-Modified = {2015-11-10 19:46:06 +0000},
	Doi = {http://dx.doi.org/10.1016/j.optmat.2011.03.001},
	Issn = {0925-3467},
	Journal = {Optical Materials},
	Keywords = {Enhancement},
	Number = {8},
	Pages = {1283 - 1290},
	Title = {Luminescence enhancement of CaZnGe2O6:Tb3+ afterglow phosphors synthesized using ZnO nanopowders},
	Url = {http://www.sciencedirect.com/science/article/pii/S0925346711001212},
	Volume = {33},
	Year = {2011},
	Bdsk-Url-1 = {http://www.sciencedirect.com/science/article/pii/S0925346711001212},
	Bdsk-Url-2 = {http://dx.doi.org/10.1016/j.optmat.2011.03.001}}

@article{C0DT00474J,
	Abstract = {Two scorpionates sodium trihydro(3-nitro-pyrazol-1-yl)borate (Na[H3B(3-(NO2)pz)]) and sodium hydrotris(3-nitro-pyrazol-1-yl)borate (Na[HB(3-(NO2)pz)3]){,} featuring electron withdrawing substituents{,} have been synthesized in high yield starting from 3(5)-nitropyrazole and sodium borohydride. The treatment of CuX (X = (CH3CN)4PF6{,} Cl or I) with Na[H3B(3-(NO2)pz)]{,} Na[HB(3-(NO2)pz)3] or the related bis(pyrazolyl)borate Na[H2B(3-(NO2)pz)2] in the presence of triphenylphosphine or tert-butyl isocyanide afforded the corresponding (azolyl)borate supported copper(i) triphenylphosphine or tert-butyl isocyanide adducts. These compounds have been characterized by elemental analyses{,} FT-IR{,} ESI-MS and multinuclear NMR spectroscopy. X-Ray crystal structures of [H3B(3-(NO2)pz)]Cu[P(C6H5)3]2{,} [H2B(3-(NO2)pz)]Cu(CNt-Bu)2{,} and [HB(3-(NO2)pz)3]Cu[P(C6H5)3]{,} as well as that of the {[HB(3-(NO2)pz)3]Na}4 are also reported. The latter displays a particularly interesting tetrameric structure with each tris(pyrazolyl)borate adopting an unusual inverted configuration and serves as a bridging ligand for three different sodium ions.},
	Author = {Pellei, Maura and Papini, Grazia and Lobbia, Giancarlo Gioia and Ricci, Simone and Yousufuddin, Muhammed and Rasika Dias, H. V. and Santini, Carlo},
	Date-Added = {2015-11-07 01:42:47 +0000},
	Date-Modified = {2015-11-12 22:04:25 +0000},
	Doi = {10.1039/C0DT00474J},
	Issue = {38},
	Journal = {Dalton Transactions},
	Pages = {8937-8944},
	Publisher = {The Royal Society of Chemistry},
	Title = {Scorpionates bearing nitro substituents: mono-, bis- and tris-(3-nitro-pyrazol-1-yl)borate ligands and their copper(i) complexes},
	Url = {http://dx.doi.org/10.1039/C0DT00474J},
	Volume = {39},
	Year = {2010},
	Bdsk-Url-1 = {http://dx.doi.org/10.1039/C0DT00474J}}

@article{doi:10.1080/02603590390464225,
	Author = {Alfredo Burini And Ahmed A. Mohamed And John P. Fackler},
	Date-Added = {2015-11-07 01:38:57 +0000},
	Date-Modified = {2015-11-12 21:38:45 +0000},
	Doi = {10.1080/02603590390464225},
	Eprint = {http://dx.doi.org/10.1080/02603590390464225},
	Journal = {Comments on Inorganic Chemistry},
	Number = {5-6},
	Pages = {253-280},
	Title = {Cyclic Trinuclear Gold(I) Compounds: Synthesis, Structures And Supramolecular Acid-Base Pi-Stacks},
	Url = {http://dx.doi.org/10.1080/02603590390464225},
	Volume = {24},
	Year = {2003},
	Bdsk-Url-1 = {http://dx.doi.org/10.1080/02603590390464225}}

@article{Mahmoud201276,
	Author = {Waleed E. Mahmoud},
	Date-Added = {2015-11-07 01:37:25 +0000},
	Date-Modified = {2015-11-07 01:37:25 +0000},
	Issn = {0925-4005},
	Journal = {Sensors and Actuators B: Chemical},
	Keywords = {Barium ions},
	Number = {1},
	Pages = {76 - 81},
	Title = {Functionalized ME-capped CdSe quantum dots based luminescence probe for detection of Ba2+ ions},
	Volume = {164},
	Year = {2012},
	Bdsk-Url-1 = {http://www.sciencedirect.com/science/article/pii/S0925400512001141},
	Bdsk-Url-2 = {http://dx.doi.org/10.1016/j.snb.2012.01.073}}

@article{Zhao201581,
	Author = {Liyan Zhao and Dan Sui and Yan Wang},
	Date-Added = {2015-11-07 01:36:12 +0000},
	Date-Modified = {2015-11-07 01:36:12 +0000},
	Doi = {http://dx.doi.org/10.1016/j.jlumin.2015.02.038},
	Issn = {0022-2313},
	Journal = {Journal of Luminescence},
	Keywords = {Fluorescent chemosensor},
	Pages = {81 - 86},
	Title = {Luminescent properties of N-salicylidene-3-aminopyridine and selective sensing behavior to Ba2+},
	Url = {http://www.sciencedirect.com/science/article/pii/S0022231315001106},
	Volume = {162},
	Year = {2015},
	Bdsk-Url-1 = {http://www.sciencedirect.com/science/article/pii/S0022231315001106},
	Bdsk-Url-2 = {http://dx.doi.org/10.1016/j.jlumin.2015.02.038}}

@article{Haghshenas-Jaryani2014,
	Author = {Haghshenas-Jaryani, Mahdi and Black, Bryan and Ghaffari, Sarvenaz and Drake, James and Bowling, Alan and Mohanty, Samarendra},
	Date-Added = {2015-11-06 22:36:47 +0000},
	Date-Modified = {2015-11-06 22:36:47 +0000},
	Doi = {10.1007/s11071-013-1185-0},
	Issn = {0924-090X},
	Journal = {Nonlinear Dynamics},
	Keywords = {Brownian motion,Dynamics,Fluid dynamics,Low Reynolds number,Method multiple scales,Multiscale modeling,Optical tweezers,Ray-optics},
	Language = {English},
	Number = {2},
	Pages = {1013--1030},
	Publisher = {Springer Netherlands},
	Title = {{Dynamics of microscopic objects in optical tweezers: experimental determination of underdamped regime and numerical simulation using multiscale analysis}},
	Url = {http://dx.doi.org/10.1007/s11071-013-1185-0},
	Volume = {76},
	Year = {2014},
	Bdsk-Url-1 = {http://dx.doi.org/10.1007/s11071-013-1185-0}}

@article{doi:10.1021/acs.inorgchem.5b00929,
	Author = {Naveen V. Kulkarni and Animesh Das and Naleen B. Jayaratna and Muhammed Yousufuddin and H. V. Rasika Dias},
	Date-Added = {2015-11-06 22:34:20 +0000},
	Date-Modified = {2015-11-06 22:34:20 +0000},
	Doi = {10.1021/acs.inorgchem.5b00929},
	Eprint = {http://dx.doi.org/10.1021/acs.inorgchem.5b00929},
	Journal = {Inorganic Chemistry},
	Note = {PMID: 25985391},
	Number = {11},
	Pages = {5151-5153},
	Title = {Zinc-Mediated Carbene Insertion to C--Cl Bonds of Chloromethanes and Isolable Zinc(II) Isocyanide Adducts},
	Url = {http://dx.doi.org/10.1021/acs.inorgchem.5b00929},
	Volume = {54},
	Year = {2015},
	Bdsk-Url-1 = {http://dx.doi.org/10.1021/acs.inorgchem.5b00929}}

@article{C5NJ01002K,
	Abstract = {The [small pi]-acid/[small pi]-base adducts of {[3{,}5-(CF3)2Pz]Cu}3[Cu3] and benzene [Bz]{,} mesitylene [Mes] and naphthalene [Nap] have been isolated. They form columnar structures of the type {[Bz][Cu3]2}[infinity]{,} {[Mes][Cu3]}[infinity] and {[Nap][Cu3]}[infinity] in the solid state{,} and are luminescent.},
	Author = {Jayaratna, Naleen B. and Hettiarachchi, Champika V. and Yousufuddin, Muhammed and Rasika Dias, H. V.},
	Date-Added = {2015-11-06 22:32:34 +0000},
	Date-Modified = {2015-11-12 22:00:09 +0000},
	Doi = {10.1039/C5NJ01002K},
	Issue = {7},
	Journal = {New Journal of Chemistry},
	Pages = {5092-5095},
	Publisher = {The Royal Society of Chemistry},
	Title = {Isolable arene sandwiched copper(i) pyrazolates},
	Url = {http://dx.doi.org/10.1039/C5NJ01002K},
	Volume = {39},
	Year = {2015},
	Bdsk-Url-1 = {http://dx.doi.org/10.1039/C5NJ01002K}}

@article{doi:10.1021/ic402080y,
	Author = {Champika V. Hettiarachchi and Manal A. Rawashdeh-Omary and Daniel Korir and Jehan Kohistani and Muhammed Yousufuddin and H. V. Rasika Dias},
	Date-Added = {2015-11-06 22:31:33 +0000},
	Date-Modified = {2015-11-12 22:18:39 +0000},
	Doi = {10.1021/ic402080y},
	Eprint = {http://dx.doi.org/10.1021/ic402080y},
	Journal = {Inorganic Chemistry},
	Number = {23},
	Pages = {13576-13583},
	Title = {Trinuclear Copper(I) and Silver(I) Adducts of 4-Chloro-3,5-bis (trifluoromethyl) pyrazolate and 4-Bromo-3,5-bis (trifluoromethyl) pyrazolate},
	Url = {http://dx.doi.org/10.1021/ic402080y},
	Volume = {52},
	Year = {2013},
	Bdsk-Url-1 = {http://dx.doi.org/10.1021/ic402080y}}

@article{doi:10.1021/ja406027x,
	Author = {Chandrakanta Dash and Muhammed Yousufuddin and Thomas R. Cundari and H. V. Rasika Dias},
	Date-Added = {2015-11-06 22:30:24 +0000},
	Date-Modified = {2015-11-06 22:30:24 +0000},
	Doi = {10.1021/ja406027x},
	Eprint = {http://dx.doi.org/10.1021/ja406027x},
	Journal = {Journal of the American Chemical Society},
	Note = {PMID: 24053659},
	Number = {41},
	Pages = {15479-15488},
	Title = {Gold-Mediated Expulsion of Dinitrogen from Organic Azides},
	Url = {http://dx.doi.org/10.1021/ja406027x},
	Volume = {135},
	Year = {2013},
	Bdsk-Url-1 = {http://dx.doi.org/10.1021/ja406027x}}

@article{doi:10.1021/om4012032,
	Author = {Animesh Das and Chandrakanta Dash and Muhammed Yousufuddin and H. V. Rasika Dias},
	Date-Added = {2015-11-06 22:29:02 +0000},
	Date-Modified = {2015-11-06 22:29:02 +0000},
	Doi = {10.1021/om4012032},
	Eprint = {http://dx.doi.org/10.1021/om4012032},
	Journal = {Organometallics},
	Number = {7},
	Pages = {1644-1650},
	Title = {Coordination and Ligand Substitution Chemistry of Bis(cyclooctyne)copper(I)},
	Url = {http://dx.doi.org/10.1021/om4012032},
	Volume = {33},
	Year = {2014},
	Bdsk-Url-1 = {http://dx.doi.org/10.1021/om4012032}}

@article{Jones:2011ci,
	Archiveprefix = {arXiv},
	Author = {Jones, Benjamin J P},
	Booktitle = {{Proceedings, 13th International Workshop on Neutrino Factories, Superbeams and Beta beams (NuFact11)}},
	Date-Added = {2015-11-06 15:55:41 +0000},
	Date-Modified = {2015-11-12 22:06:04 +0000},
	Doi = {10.1088/1742-6596/408/1/012028},
	Eprint = {1110.1678},
	Journal = {Journal of Physics Conference Series},
	Pages = {012028},
	Primaryclass = {physics.ins-det},
	Reportnumber = {FERMILAB-CONF-11-541-E},
	Slaccitation = {%%CITATION = ARXIV:1110.1678;%%},
	Title = {{The Status of the MicroBooNE Experiment}},
	Volume = {408},
	Year = {2013},
	Bdsk-Url-1 = {http://dx.doi.org/10.1088/1742-6596/408/1/012028}}

@article{Fernandes:2010gg,
	Archiveprefix = {arXiv},
	Author = {Fernandes, L. M. P. and Freitas, E. D. C. and Ball, M. and Gomez-Cadenas, J. J. and Monteiro, C. M. B. and Yahlali, N. and Nygren, D. and Santos, J. M. F. dos},
	Date-Added = {2015-11-06 15:53:06 +0000},
	Date-Modified = {2015-11-12 22:03:44 +0000},
	Doi = {10.1088/1748-0221/5/09/P09006, 10.1088/1748-0221/5/12/A12001},
	Eprint = {1009.2719},
	Journal = {Journal of Instrumentation},
	Note = {[Erratum: JINST5,A12001(2010)]},
	Pages = {P09006},
	Primaryclass = {astro-ph.IM},
	Slaccitation = {%%CITATION = ARXIV:1009.2719;%%},
	Title = {{Primary and secondary scintillation measurements in a xenon Gas Proportional Scintillation Counter}},
	Volume = {5},
	Year = {2010},
	Bdsk-Url-1 = {http://dx.doi.org/10.1088/1748-0221/5/09/P09006,%2010.1088/1748-0221/5/12/A12001}}

@article{Gonzalez-Diaz:2015oba,
	Archiveprefix = {arXiv},
	Author = {Diego Gonzalez-Diaz and V. Alvarez and F.I.G. Borges and M. Camargo and S. Carcel and S. Cebrian and A. Cervera and C.A.N. Conde and T. Dafni and J. Diaz and R. Esteve and L.M.P. Fernandes and P. Ferrario and A.L. Ferreira and E.D.C. Freitas and V.M. Gehman and A. Goldschmidt and J.J. Gomez-Cadenas and R.M. Gutierrez and J. Hauptman and J.A. Hernando Morata and D.C. Herrera and I.G. Irastorza and L. Labarga and A. Laing and I. Liubarsky and N. Lopez-March and D. Lorca and M. Losada and G. Luzon and A. Mari and J. Martin-Albo and G. Martinez-Lema and A. Martinez and T. Miller and F. Monrabal and M. Monserrate and C.M.B. Monteiro and F.J. Mora and L.M. Moutinho and J. Munoz Vidal and M. Nebot-Guinot and D. Nygren and C.A.B. Oliveira and J. Perez and J.L. Perez Aparicio and M. Querol and J. Renner and L. Ripoll and J. Rodriguez and F.P. Santos and J.M.F. dos Santos and L. Serra and D. Shuman and A. Simon and C. Sofka and M. Sorel and J.F. Toledo and J. Torrent and Z. Tsamalaidze and J.F.C.A. Veloso and J.A. Villar and R.Webb and J.T. White and N. Yahlali and C. Azevedo and F. Aznar and D. Calvet and J. Castel and E. Ferrer-Ribas and J. A. Garcia and I. Giomataris and H. Gomez and F. J. Iguaz and A. Lagraba and A. Le Coguie and J.P. Mols and O. Sahin and A. Rodriguez and E. Ruiz-Choliz and L. Segui and A. Tomas and R. Veenhof},
	Collaboration = {NEXT},
	Date-Added = {2015-11-06 15:52:34 +0000},
	Date-Modified = {2015-11-12 21:54:31 +0000},
	Doi = {10.1016/j.nima.2015.08.033},
	Eprint = {1504.03678},
	Journal = {Nuclear Instruments and Methods in Physics Research Section A: Accelerators, Spectrometers, Detectors and Associated Equipment},
	Pages = {8-24},
	Primaryclass = {physics.ins-det},
	Slaccitation = {%%CITATION = ARXIV:1504.03678;%%},
	Title = {{Accurate gamma and MeV-electron track reconstruction with an ultra-low diffusion Xenon/TMA TPC at 10 atm}},
	Volume = {A804},
	Year = {2015},
	Bdsk-Url-1 = {http://dx.doi.org/10.1016/j.nima.2015.08.033}}

@article{Luty:1992un,
	Author = {Luty, M. A.},
	Date-Added = {2015-11-06 15:50:54 +0000},
	Date-Modified = {2015-11-12 21:55:11 +0000},
	Doi = {10.1103/PhysRevD.45.455},
	Journal = {Physical Review},
	Pages = {455-465},
	Slaccitation = {%%CITATION = PHRVA,D45,455;%%},
	Title = {{Baryogenesis via leptogenesis}},
	Volume = {D45},
	Year = {1992},
	Bdsk-Url-1 = {http://dx.doi.org/10.1103/PhysRevD.45.455}}

@article{Chang:1985en,
	Author = {Chang, Darwin and Mohapatra, Rabindra N.},
	Date-Added = {2015-11-06 15:50:02 +0000},
	Date-Modified = {2015-11-12 21:56:13 +0000},
	Doi = {10.1103/PhysRevD.32.1248},
	Journal = {Physical Review},
	Pages = {1248},
	Reportnumber = {MdDP-PP-85-196},
	Slaccitation = {%%CITATION = PHRVA,D32,1248;%%},
	Title = {{Comment on the 'Seesaw' Mechanism for Small Neutrino Masses}},
	Volume = {D32},
	Year = {1985},
	Bdsk-Url-1 = {http://dx.doi.org/10.1103/PhysRevD.32.1248}}

@unpublished{Elba,
	Author = {D. Nygren},
	Date-Added = {2015-11-06 02:15:42 +0000},
	Date-Modified = {2015-11-12 21:56:43 +0000},
	Note = {{\it{Frontier Detectors for Frontier Physics}}, Elba, Italy, May 24-30, To be published in Nuclear Instruments and Methods in Physics Research Section A: Accelerators, Spectrometers, Detectors and Associated Equipment, 2016},
	Title = {Detection of the barium daughter in 136Xe ->136Ba + 2e- by in situ single-molecule fluorescence imaging},
	Year = {2016}}

@article{Luke1996232,
	Abstract = {Materials used for room-temperature gamma-ray detectors exhibit substantial charge-collection deficiencies. As a result, the geometrical arrangement of charge-sensing electrodes on a detector can have a very large influence on its spectral performance. A discussion of the effects of electrode geometry on charge signal generation and energy resolution is presented. Various electrode configurations including spherical, coaxial, pixel, strip and coplanar-grid are examined in theoretical terms to evaluate their effectiveness and limitations in enhancing the performance of detectors with charge trapping. },
	Author = {P.N Luke},
	Date-Added = {2015-11-06 02:14:58 +0000},
	Date-Modified = {2015-11-06 02:24:58 +0000},
	Doi = {http://dx.doi.org/10.1016/S0168-9002(96)00353-1},
	Issn = {0168-9002},
	Journal = {Nuclear Instruments and Methods in Physics Research Section A: Accelerators, Spectrometers, Detectors and Associated Equipment},
	Note = {Proceedings of the 9th International Workshop on Room Temperature Semiconductor X- and gamma-Ray Detectors, Associated Electronics and Applications},
	Number = {1--2},
	Pages = {232 - 237},
	Title = {Electrode configuration and energy resolution in gamma-ray detectors},
	Url = {http://www.sciencedirect.com/science/article/pii/S0168900296003531},
	Volume = {380},
	Year = {1996},
	Bdsk-Url-1 = {http://www.sciencedirect.com/science/article/pii/S0168900296003531},
	Bdsk-Url-2 = {http://dx.doi.org/10.1016/S0168-9002(96)00353-1}}

@unpublished{LRP,
	Author = {{Nuclear Science Advistory Committee}},
	Date-Added = {2015-11-06 02:13:12 +0000},
	Date-Modified = {2015-11-12 22:03:15 +0000},
	Note = {Neutrino-less Double Beta Decay, Kitty Hawk, NC, April 18, 2015},
	Title = {{NSAC Long Range Planning Meeting}}}

@unpublished{PostdocRevisited,
	Author = {{Committee to Review the State of Postdoctoral Experience in Scientists and Engineers; Committee on Science, Engineering, and Public Policy; Policy and Global Affairs; National Academy of Sciences; National Academy of Engineering; Institute of Medicine}},
	Date-Added = {2015-11-02 21:21:16 +0000},
	Date-Modified = {2015-11-02 21:22:17 +0000},
	Title = {The Postdoctoral Experience Revisited},
	Year = {2014}}

@unpublished{EnhancingPostdoctoral,
	Author = {{National Academy of Science, National Academy of Engineering, Institute of Medicine, National Academies Press}},
	Date-Added = {2015-11-02 21:19:34 +0000},
	Date-Modified = {2015-11-02 21:22:10 +0000},
	Title = {Enhancing the Postdoctoral Experience for Scientists and Engineers: A Guide for Postdoc- toral Scholars, Advisers, Institutions, Funding Organizations, and Disciplinary Societies},
	Year = {2000}}

@article{Gehman:2013mra,
	Author = {Gehman, V. M. and Goldschmidt, A. and Nygren, D. and Oliveira, C. A. B. and Renner, J.},
	Booktitle = {{Proceedings, LIght Detection In Noble Elements (LIDINE2013)}},
	Date-Added = {2015-10-28 23:53:28 +0000},
	Date-Modified = {2015-11-12 21:53:56 +0000},
	Doi = {10.1088/1748-0221/8/10/C10001},
	Journal = {Journal of Instrumentation},
	Pages = {C10001},
	Slaccitation = {%%CITATION = JINST,8,C10001;%%},
	Title = {{A plan for directional dark matter sensitivity in high-pressure xenon detectors through the addition of wavelength shifting gaseous molecules}},
	Volume = {8},
	Year = {2013},
	Bdsk-Url-1 = {http://dx.doi.org/10.1088/1748-0221/8/10/C10001}}

@inproceedings{Nakajima:2015cva,
	Archiveprefix = {arXiv},
	Author = {Nakajima, Y. and Goldschmidt, A. and Matis, H. S. and Nygren, D. and Oliveira, C. and Renner, J.},
	Booktitle = {{7th Symposium on large TPCs for low-energy rare event detection Paris, France, December 15-17, 2014}},
	Date-Added = {2015-10-28 23:52:35 +0000},
	Date-Modified = {2015-10-28 23:52:35 +0000},
	Eprint = {1505.03585},
	Primaryclass = {physics.ins-det},
	Slaccitation = {%%CITATION = ARXIV:1505.03585;%%},
	Title = {{Measurement of scintillation and ionization yield with high-pressure gaseous mixtures of Xe and TMA for improved neutrinoless double beta decay and dark matter searches}},
	Url = {https://inspirehep.net/record/1370124/files/arXiv:1505.03585.pdf},
	Year = {2015},
	Bdsk-Url-1 = {https://inspirehep.net/record/1370124/files/arXiv:1505.03585.pdf}}

@unpublished{GDTDesign,
	Author = {H.H. Wittenberg},
	Date-Added = {2015-10-28 20:44:38 +0000},
	Date-Modified = {2015-11-12 21:58:08 +0000},
	Note = {Electron Tube Design, RCA Electron Tube Division, 1962, pages 792 - 817.},
	Title = {Gas Discharge Tube Design},
	Url = http://www.g3ynh.info/disch_tube/Wittenberg_gas_tubes.pdf,
	Bdsk-Url-1 = {http://www.g3ynh.info/disch_tube/Wittenberg_gas_tubes.pdf}}

@article{Jones:2013bca,
	Archiveprefix = {arXiv},
	Author = {B.J.P. Jones and C.S. Chiu and J.M. Conrad and C.M. Ignarra and T. Katori and M. Toups},
	Date-Added = {2015-10-28 19:47:06 +0000},
	Date-Modified = {2015-11-12 21:53:03 +0000},
	Doi = {10.1088/1748-0221/8/07/P07011, 10.1088/1748-0221/8/09/E09001},
	Eprint = {1306.4605},
	Journal = {Journal of Instrumentation},
	Pages = {P07011},
	Primaryclass = {physics.ins-det},
	Reportnumber = {FERMILAB-PUB-13-213-E},
	Slaccitation = {%%CITATION = ARXIV:1306.4605;%%},
	Title = {{A Measurement of the Absorption of Liquid Argon Scintillation Light by Dissolved Nitrogen at the Part-Per-Million Level}},
	Volume = {8},
	Year = {2013},
	Bdsk-Url-1 = {http://dx.doi.org/10.1088/1748-0221/8/07/P07011,%2010.1088/1748-0221/8/09/E09001}}

@article{Jones:2013sfa,
	Archiveprefix = {arXiv},
	Author = {Jones, B.J.P.},
	Date-Added = {2015-10-28 19:47:06 +0000},
	Date-Modified = {2015-11-12 21:54:13 +0000},
	Doi = {10.1088/1748-0221/8/10/C10015},
	Eprint = {1307.6906},
	Journal = {Journal of Instrumentation},
	Pages = {C10015},
	Slaccitation = {%%CITATION = ARXIV:1307.6906;%%},
	Title = {{A simulation of the optical attenuation of TPB coated light-guide detectors}},
	Volume = {8},
	Year = {2013},
	Bdsk-Url-1 = {http://dx.doi.org/10.1088/1748-0221/8/10/C10015}}

@article{Bagby:2014wva,
	Archiveprefix = {arXiv},
	Author = {L.F. Bagby and S. Gollapinni and C.C. James and B.J.P. Jones and H. Jostlein and S. Lockwitz and D. Naples and J.L. Raaf and R. Rameika and A. Schukraft T. Strauss and M.S. Weber and S.A. Wolbers},
	Date-Added = {2015-10-28 19:47:06 +0000},
	Date-Modified = {2015-11-12 21:56:04 +0000},
	Eprint = {1408.4013},
	Journal = {Journal of Instrumentation},
	Number = {T11004},
	Primaryclass = {physics.ins-det},
	Reportnumber = {FERMILAB-PUB-14-286-E},
	Slaccitation = {%%CITATION = ARXIV:1408.4013;%%},
	Title = {{Breakdown voltage of metal-oxide resistors in liquid argon}},
	Volume = {9},
	Year = {2014}}

@article{Bugel:2011xg,
	Archiveprefix = {arXiv},
	Author = {L. Bugel and J.M. Conrad and C. Ignarra and B.J.P. Jones and T. Katori and T. Smidt and H.-K. Tanaka},
	Date-Added = {2015-10-28 19:47:06 +0000},
	Date-Modified = {2015-11-12 21:56:34 +0000},
	Doi = {10.1016/j.nima.2011.03.003},
	Eprint = {1101.3013},
	Journal = {Nuclear Instruments and Methods in Physics Research Section A: Accelerators, Spectrometers, Detectors and Associated Equipment},
	Pages = {69-75},
	Primaryclass = {physics.ins-det},
	Slaccitation = {%%CITATION = ARXIV:1101.3013;%%},
	Title = {{Demonstration of a Lightguide Detector for Liquid Argon TPCs}},
	Volume = {A640},
	Year = {2011},
	Bdsk-Url-1 = {http://dx.doi.org/10.1016/j.nima.2011.03.003}}

@article{Jones:2013nea,
	Author = {Jones, B.J.P.},
	Date-Added = {2015-10-28 19:47:06 +0000},
	Date-Modified = {2015-11-12 22:04:16 +0000},
	Doi = {10.1088/1748-0221/8/09/C09003},
	Journal = {Journal of Instrumentation},
	Pages = {C09003},
	Slaccitation = {%%CITATION = JINST,8,C09003;%%},
	Title = {{Results from the Bo Liquid Argon Scintillation Test Stand at Fermilab}},
	Volume = {8},
	Year = {2013},
	Bdsk-Url-1 = {http://dx.doi.org/10.1088/1748-0221/8/09/C09003}}

@article{Jones:2013mfa,
	Archiveprefix = {arXiv},
	Author = {B.J.P. Jones and T. Alexander and H.O. Back (Princeton U.) and G. Collin and J.M. Conrad and A. Greene and T. Katori and S. Pordes and M. Toups},
	Date-Added = {2015-10-28 19:47:06 +0000},
	Date-Modified = {2015-11-12 22:05:45 +0000},
	Doi = {10.1088/1748-0221/8/12/P12015},
	Eprint = {1308.3658},
	Journal = {Journal of Instrumentation},
	Pages = {P12015},
	Primaryclass = {physics.ins-det},
	Reportnumber = {FERMILAB-PUB-13-325-E-PPD},
	Slaccitation = {%%CITATION = ARXIV:1308.3658;%%},
	Title = {{The Effects of Dissolved Methane upon Liquid Argon Scintillation Light}},
	Volume = {8},
	Year = {2013},
	Bdsk-Url-1 = {http://dx.doi.org/10.1088/1748-0221/8/12/P12015}}

@article{Alvarez:2012yxw,
	Archiveprefix = {arXiv},
	Author = {V. {\'A}lvarez and F. I. G. M. Borges and S. C{\'a}rcel and J. Castel and S. Cebri{\'a}n and A. Cervera and C. A. N. Conde and T. Dafni and T. H. V. T. Dias and J. D{\'\i}az and M. Egorov and R. Esteve and P. Evtoukhovitch and L. M. P. Fernandes and P. Ferrario and A. L. Ferreira and E. D. C. Freitas and V. M. Gehman and A. Gil and A. Goldschmidt and H. G{\'o}mez and J. J. G{\'o}mez-Cadenas and D. Gonz{\'a}lez-D{\'\i}az and R. M. Guti{\'e}rrez and J. Hauptman and J. A. Hernando Morata and D. C. Herrera and F. J. Iguaz and I. G. Irastorza and M. A. Jinete and L. Labarga and A. Laing and I. Liubarsky and J. A. M. Lopes and D. Lorca and M. Losada and G. Luz{\'o}n and A. Mar{\'\i} and J. Mart{\'\i}n-Albo and A. Mart{\'\i}nez and T. Miller and A. Moiseenko and F. Monrabal and C. M. B. Monteiro and F. J. Mora and L. M. Moutinho and J. Mu{\~n}oz Vidal and H. Natal da Luz and G. Navarro and M. Nebot and D. Nygren and C. A. B. Oliveira and R. Palma and J. P{\'e}rez and J. L. P{\'e}rez Aparicio and J. Renner and L. Ripoll and A. Rodr{\'\i}guez and J. Rodr{\'\i}guez and F. P. Santos and J. M. F. dos Santos and L. Segui and L. Serra and D. Shuman and A. Sim{\'o}n and C. Sofka and M. Sorel and J. F. Toledo and A. Tom{\'a}s and J. Torrent and Z. Tsamalaidze and D. V{\'a}zquez and J. F. C. A. Veloso and J. A. Villar and R. Webb and J. T White and N. Yahlali},
	Collaboration = {NEXT},
	Date-Added = {2015-10-28 19:39:51 +0000},
	Date-Modified = {2015-11-12 22:02:52 +0000},
	Doi = {10.1016/j.nima.2012.12.123},
	Eprint = {1211.4474},
	Journal = {Nuclear Instruments and Methods in Physics Research Section A: Accelerators, Spectrometers, Detectors and Associated Equipment},
	Pages = {101-114},
	Primaryclass = {physics.ins-det},
	Slaccitation = {%%CITATION = ARXIV:1211.4474;%%},
	Title = {{Near-Intrinsic Energy Resolution for 30 to 662 keV Gamma Rays in a High Pressure Xenon Electroluminescent TPC}},
	Volume = {A708},
	Year = {2013},
	Bdsk-Url-1 = {http://dx.doi.org/10.1016/j.nima.2012.12.123}}

@inproceedings{Goldschmidt:2011ria,
	Author = {Goldschmidt, Azriel and Miller, Tom and Nygren, David and Renner, Joshua and Shuman, Derek and Spieler, Helmuth and White, James},
	Booktitle = {{Proceedings, 2011 IEEE Nuclear Science Symposium and Medical Imaging Conference (NSS/MIC 2011)}},
	Date-Added = {2015-10-28 19:38:53 +0000},
	Date-Modified = {2015-10-28 19:56:16 +0000},
	Doi = {10.1109/NSSMIC.2011.6154339},
	Pages = {1409-1412},
	Slaccitation = {%%CITATION = INSPIRE-1252177;%%},
	Title = {{High-pressure xenon gas TPC for neutrino-less double-beta decay in 136Xe: Progress toward the goal of 1\% FWHM energy resolution}},
	Year = {2011},
	Bdsk-Url-1 = {http://dx.doi.org/10.1109/NSSMIC.2011.6154339}}

@article{Nygren:2009zz,
	Author = {Nygren, David},
	Date-Added = {2015-10-28 19:38:36 +0000},
	Date-Modified = {2015-11-12 21:58:42 +0000},
	Doi = {10.1016/j.nima.2009.01.222},
	Journal = {Nuclear Instruments and Methods in Physics Research Section A: Accelerators, Spectrometers, Detectors and Associated Equipment},
	Pages = {337-348},
	Slaccitation = {%%CITATION = NUIMA,A603,337;%%},
	Title = {{High-pressure xenon gas electroluminescent TPC for 0nu beta beta-decay search}},
	Volume = {A603},
	Year = {2009},
	Bdsk-Url-1 = {http://dx.doi.org/10.1016/j.nima.2009.01.222}}

@article{Nygren:2007zzc,
	Author = {Nygren, David},
	Date-Added = {2015-10-28 19:38:21 +0000},
	Date-Modified = {2015-11-12 22:03:32 +0000},
	Doi = {10.1016/j.nima.2007.07.062},
	Journal = {Nuclear Instruments and Methods in Physics Research Section A: Accelerators, Spectrometers, Detectors and Associated Equipment},
	Pages = {632-642},
	Slaccitation = {%%CITATION = NUIMA,A581,632;%%},
	Title = {{Optimal detectors for WIMP and 0-nu beta beta searches: Identical high-pressure xenon gas TPCs?}},
	Volume = {A581},
	Year = {2007},
	Bdsk-Url-1 = {http://dx.doi.org/10.1016/j.nima.2007.07.062}}

@article{Gaisser:2014foa,
	Author = {Gaisser, Thomas and Halzen, Francis},
	Date-Added = {2015-10-28 19:33:30 +0000},
	Date-Modified = {2015-11-12 21:59:03 +0000},
	Doi = {10.1146/annurev-nucl-102313-025321},
	Journal = {Annual Reviews of Nuclear and Particle Science},
	Pages = {101-123},
	Slaccitation = {%%CITATION = ARNUA,64,101;%%},
	Title = {{IceCube}},
	Volume = {64},
	Year = {2014},
	Bdsk-Url-1 = {http://dx.doi.org/10.1146/annurev-nucl-102313-025321}}

@article{Nygren:1976fe,
	Author = {Nygren, D. R.},
	Booktitle = {{1974 PEP summer study}},
	Date-Added = {2015-10-28 19:31:25 +0000},
	Date-Modified = {2015-11-12 22:07:07 +0000},
	Journal = {PEP Summar Study Proceedings},
	Pages = {58},
	Reportnumber = {PEP-0144},
	Slaccitation = {%%CITATION = ECONF,C740805,58;%%},
	Title = {{The Time Projection Chamber: A New 4 pi Detector for Charged Particles}},
	Volume = {C740805},
	Year = {1974}}

@unpublished{NSACLongRange,
	Author = {{Nuclear Science Advisory Committee}},
	Date-Added = {2015-10-28 19:20:42 +0000},
	Date-Modified = {2015-10-28 19:56:42 +0000},
	Title = {Long Range Plan For Nuclear Science}}

@unpublished{P5Report,
	Author = {{P5 Committee}},
	Date-Added = {2015-10-28 19:13:45 +0000},
	Date-Modified = {2015-10-28 19:57:06 +0000},
	Title = {{Building for Discovery : Strategic Plan for U.S. Particle Physics in the Global Context}}}

@unpublished{Dojindo,
	Author = {{Dojindo Molecular Industries, Inc. Japan}},
	Date-Added = {2015-10-28 18:18:27 +0000},
	Date-Modified = {2015-10-28 18:18:51 +0000}}

@book{lakowicz2013principles,
	Author = {Lakowicz, Joseph R},
	Date-Added = {2015-10-28 18:16:20 +0000},
	Date-Modified = {2015-10-28 18:16:20 +0000},
	Publisher = {Springer Science \& Business Media},
	Title = {Principles of fluorescence spectroscopy},
	Year = {2013}}

@book{valeur2012molecular,
	Author = {Valeur, Bernard and Berberan-Santos, M{\'a}rio Nuno},
	Date-Added = {2015-10-28 18:15:45 +0000},
	Date-Modified = {2015-10-28 18:15:45 +0000},
	Publisher = {John Wiley \& Sons},
	Title = {Molecular fluorescence: principles and applications},
	Year = {2012}}

@phdthesis{Rollin:2011gla,
	Author = {Rollin, Etienne},
	Date-Added = {2015-10-28 17:51:19 +0000},
	Date-Modified = {2015-10-28 17:51:19 +0000},
	School = {Carleton U.},
	Slaccitation = {%%CITATION = INSPIRE-1319844;%%},
	Title = {{Barium Ion Extraction and Identification from Laser Induced Fluorescence in Gas for the Enriched Xenon Observatory}},
	Url = {https://curve.carleton.ca/system/files/theses/31212.pdf},
	Year = {2011},
	Bdsk-Url-1 = {https://curve.carleton.ca/system/files/theses/31212.pdf}}

@unpublished{EpoxyFT,
	Author = {{Douglas Electrical Components}},
	Date-Added = {2015-10-28 17:33:25 +0000},
	Date-Modified = {2015-10-28 17:33:25 +0000},
	Note = {\url{http://www.douglaselectrical.com/ductorseal}},
	Title = {Ductorseal epoxy potted feedthrough}}

@article{Rossi:2009im,
	Archiveprefix = {arXiv},
	Author = {B. Rossi and I. Badhress and A. Ereditato and S. Haug and R. Hanni and M. Hess and S. Janos and F. Juget and I. Kreslo and S. Lehmann and P. Lutz and R. Mathieu and M. Messina and U. Moser and F. Nydegger and H. U. Schutz and M. S. Weber and M. Zeller},
	Date-Added = {2015-10-28 16:54:50 +0000},
	Date-Modified = {2015-11-12 21:54:04 +0000},
	Doi = {10.1088/1748-0221/4/07/P07011},
	Eprint = {0906.3437},
	Journal = {Journal of Instrumentation},
	Pages = {P07011},
	Primaryclass = {physics.ins-det},
	Slaccitation = {%%CITATION = ARXIV:0906.3437;%%},
	Title = {{A Prototype liquid Argon Time Projection Chamber for the study of UV laser multi-photonic ionization}},
	Volume = {4},
	Year = {2009},
	Bdsk-Url-1 = {http://dx.doi.org/10.1088/1748-0221/4/07/P07011}}

@article{Ereditato:2014lra,
	Archiveprefix = {arXiv},
	Author = {Ereditato, A. and Kreslo, I. and L{\"u}thi, M. and von Rohr, C. Rudolf and Schenk, M. and Strauss, Thomas and Weber, M. and Zeller, M.},
	Date-Added = {2015-10-28 16:54:30 +0000},
	Date-Modified = {2015-11-12 21:54:19 +0000},
	Doi = {10.1088/1748-0221/9/11/T11007},
	Eprint = {1406.6400},
	Journal = {Journal of Instrumentation},
	Number = {11},
	Pages = {T11007},
	Primaryclass = {physics.ins-det},
	Slaccitation = {%%CITATION = ARXIV:1406.6400;%%},
	Title = {{A steerable UV laser system for the calibration of liquid argon time projection chambers}},
	Volume = {9},
	Year = {2014},
	Bdsk-Url-1 = {http://dx.doi.org/10.1088/1748-0221/9/11/T11007}}

@article{Anthony20141,
	Abstract = {Abstract We describe a simple electrospray interface incorporating a long drift region and a \{DC\} ion carpet. The function of the drift region is to thermalize and desolvate the ions. It has a series of ring electrodes supplied with \{RF\} and \{DC\} voltages, which radially confine and transport ions towards the \{DC\} ion carpet. The \{DC\} ion carpet consists of a series of concentric rings on a planar printed circuit board, which provide a \{DC\} potential gradient that funnels ions through a central aperture. The design and operating parameters were optimized by trajectory calculations and experiments. According to calculations, the transmission efficiency for thermalized ions exceeds 90%, and there is little m/z discrimination at the exit aperture. },
	Author = {Staci N. Anthony and Deven L. Shinholt and Martin F. Jarrold},
	Date-Added = {2015-10-28 16:51:37 +0000},
	Date-Modified = {2015-10-28 16:51:37 +0000},
	Doi = {http://dx.doi.org/10.1016/j.ijms.2014.06.007},
	Issn = {1387-3806},
	Journal = {International Journal of Mass Spectrometry},
	Keywords = {Trajectory calculations},
	Pages = {1 - 7},
	Title = {A simple electrospray interface based on a \{DC\} ion carpet},
	Url = {http://www.sciencedirect.com/science/article/pii/S1387380614002139},
	Volume = {371},
	Year = {2014},
	Bdsk-Url-1 = {http://www.sciencedirect.com/science/article/pii/S1387380614002139},
	Bdsk-Url-2 = {http://dx.doi.org/10.1016/j.ijms.2014.06.007}}

@article{Merrifield2015,
	Annote = {doi: 10.1016/j.tcb.2004.05.008},
	Author = {Merrifield, Christien J},
	Date-Added = {2015-10-28 16:11:27 +0000},
	Date-Modified = {2015-10-28 16:11:27 +0000},
	Doi = {10.1016/j.tcb.2004.05.008},
	Journal = {Trends in Cell Biology},
	Month = oct,
	Number = {7},
	Pages = {352--358},
	Publisher = {Elsevier},
	Title = {{Seeing is believing: imaging actin dynamics at single sites of endocytosis}},
	Url = {http://dx.doi.org/10.1016/j.tcb.2004.05.008},
	Volume = {14},
	Year = {2015},
	Bdsk-Url-1 = {http://dx.doi.org/10.1016/j.tcb.2004.05.008}}

@misc{stuurman2006imaging,
	Author = {Stuurman, N and Vale, RD},
	Date-Added = {2015-10-28 14:55:26 +0000},
	Date-Modified = {2015-10-28 14:55:26 +0000},
	Journal = {Live Cell Imaging, A Laboratory Manual},
	Pages = {585--601},
	Publisher = {Cold Spring Harbor Laboratory Press: Cold Spring Harbor, New York},
	Title = {Imaging single molecules using total internal reflection fluorescence microscopy},
	Year = {2006}}

@article{reck2010imaging,
	Author = {Reck-Peterson, Samara L and Derr, Nathan D and Stuurman, Nico},
	Date-Added = {2015-10-28 14:53:22 +0000},
	Date-Modified = {2015-10-28 14:53:22 +0000},
	Publisher = {Citeseer},
	Title = {Imaging single molecules using total internal reflection fluorescence microscopy (TIRFM)},
	Year = {2010}}

@article{Fish2009,
	Abstract = {Total internal reflection fluorescence (TIRF) microscopy (TIRFM) is an elegant optical technique that provides for the excitation of fluorophores in an extremely thin axial region (`optical section'). The method is based on the principle that when excitation light is totally internally reflected in a transparent solid (e.g., coverglass) at its interface with liquid an electromagnetic field, called the evanescent wave, is generated in the liquid at the solid-liquid interface and is the same frequency as the excitation light. Since the intensity of the evanescent wave exponentially decays with distance from the surface of the solid, only fluorescent molecules within a few hundred nanometers of the solid are efficiently excited. This unit will briefly review the history, optical theory, and the different hardware configurations used in TIRFM. In addition, it will provide experimental details and methodological considerations for studying receptors at the plasma membrane in neurons. },
	Author = {Fish, Kenneth N},
	Date-Added = {2015-10-28 14:48:04 +0000},
	Date-Modified = {2015-10-28 14:48:04 +0000},
	Doi = {10.1002/0471142956.cy1218s50},
	Issn = {1934-9297},
	Journal = {Current protocols in cytometry / editorial board, J. Paul Robinson, managing editor ... [et al.]},
	Month = oct,
	Pages = {Unit12.18--Unit12.18},
	Title = {{Total Internal Reflection Fluorescence (TIRF) Microscopy}},
	Url = {http://www.ncbi.nlm.nih.gov/pmc/articles/PMC4540339/},
	Volume = {0 12},
	Year = {2009},
	Bdsk-Url-1 = {http://www.ncbi.nlm.nih.gov/pmc/articles/PMC4540339/},
	Bdsk-Url-2 = {http://dx.doi.org/10.1002/0471142956.cy1218s50}}

@article{Kaksonen2006,
	Annote = {10.1038/nrm1940},
	Author = {Kaksonen, Marko and Toret, Christopher P and Drubin, David G},
	Date-Added = {2015-10-28 14:43:41 +0000},
	Date-Modified = {2015-11-12 21:58:31 +0000},
	Issn = {1471-0072},
	Journal = {Nature Reviews Molecular Cell Biology},
	Month = jun,
	Number = {6},
	Pages = {404--414},
	Publisher = {Nature Publishing Group},
	Title = {{Harnessing actin dynamics for clathrin-mediated endocytosis}},
	Url = {http://dx.doi.org/10.1038/nrm1940},
	Volume = {7},
	Year = {2006},
	Bdsk-Url-1 = {http://dx.doi.org/10.1038/nrm1940}}

@article{Nakahara2004,
	Author = {Nakahara, Yoshio and Kida, Toshiyuki and Nakatsuji, Yohji and Akashi, Mitsuru},
	Date-Added = {2015-10-28 13:27:29 +0000},
	Date-Modified = {2015-11-12 21:53:43 +0000},
	File = {:Users/a100664/Library/Application Support/Mendeley Desktop/Downloaded/43be6e955b77bef66dc821b26cf461287f5b4306.pdf:pdf},
	Isbn = {8166879735},
	Journal = {Chemical Communications},
	Pages = {224--225},
	Title = {{A novel fluorescent indicator for Ba 2 + in aqueous micellar solutions}},
	Url = {http://pubs.rsc.org/en/content/articlepdf/2004/cc/b311613a},
	Volume = {1},
	Year = {2004},
	Bdsk-Url-1 = {http://pubs.rsc.org/en/content/articlepdf/2004/cc/b311613a}}

@misc{HydrationEnthalpy,
	Date-Added = {2015-10-28 13:27:29 +0000},
	Date-Modified = {2015-10-28 13:27:29 +0000},
	File = {:Users/a100664/Library/Application Support/Mendeley Desktop/Downloaded/67db9a01d41c88ba8194a7f5cb4425dff87362f9.html:html},
	Title = {{Hydration enthalpies of ionic solutions}},
	Url = {http://www.science.uwaterloo.ca/~cchieh/cact/applychem/hydration.html},
	Bdsk-Url-1 = {http://www.science.uwaterloo.ca/~cchieh/cact/applychem/hydration.html}}

@article{Penn1990,
	Author = {Penn, S M and Beijers, J P M and Dressier, R a and Bierbaum, V M and Leone, S R},
	Date-Added = {2015-10-28 13:27:29 +0000},
	Date-Modified = {2015-10-28 13:27:29 +0000},
	Doi = {10.1063/1.458649},
	File = {:Users/a100664/Library/Application Support/Mendeley Desktop/Downloaded/c69fe417191f2fd67ddb6e1c589812b453159ce3.pdf:pdf},
	Issn = {00219606},
	Journal = {The Journal of Chemical Physics},
	Number = {7},
	Pages = {5118--5127},
	Title = {{Laser-induced fluorescence measurements of drift-velocity distributions for Ba+ in Ar: Moment analysis and a direct measure of skewness}},
	Url = {http://www.scopus.com/inward/record.url?eid=2-s2.0-0041683763\&partnerID=40$\backslash$npapers2://publication/uuid/EB50E48C-EE26-43EB-BFE2-854F2BCA2128},
	Volume = {93},
	Year = {1990},
	Bdsk-Url-1 = {http://www.scopus.com/inward/record.url?eid=2-s2.0-0041683763%5C&partnerID=40$%5Cbackslash$npapers2://publication/uuid/EB50E48C-EE26-43EB-BFE2-854F2BCA2128},
	Bdsk-Url-2 = {http://dx.doi.org/10.1063/1.458649}}

@article{Petrie2015,
	Author = {Petrie, Simon and Dunbar, Robert C and Petrie, Simon and Dunbar, Robert C},
	Date-Added = {2015-10-28 13:27:29 +0000},
	Date-Modified = {2015-11-12 22:01:08 +0000},
	Doi = {10.1063/1.2359565},
	File = {:Users/a100664/Documents/Papers/1.2359565.pdf:pdf},
	Isbn = {9780735403512},
	Journal = {AIP Conference Proceedings},
	Keywords = {12,15,20,30,31,33,60,82,92,94,96,ar,atmospheres,db,fi,hc,hy,ion-molecule association reactions,jt,ls,main group metal ions,meteoric ablation,nr,pacs,planetary,quantum chemical calculations,tb,termolecular association,variational transition state theory,xa},
	Number = {855},
	Title = {{Main Group Metal Ion Chemistry In Planetary Atmospheres}},
	Volume = {272},
	Year = {2015},
	Bdsk-Url-1 = {http://dx.doi.org/10.1063/1.2359565}}

@article{Cesar2014,
	Author = {Cesar, Julio and Medina, Benitez and Berger, Bruce},
	Date-Added = {2015-10-28 13:27:29 +0000},
	Date-Modified = {2015-11-12 22:02:37 +0000},
	File = {:Users/a100664/Downloads/BenitezMedina\_colostate\_0053A\_12190.pdf:pdf},
	Journal = {Ph.D Thesis},
	Title = {{Mobility And Fluorescence of Barium ions in Xenon Gas for the EXO Experiment}},
	Year = {2014}}

@article{McGuirk2009,
	Abstract = {We present high-level ab initio potential energy curves for barium cations and dications interacting with RG atoms (RG = rare gas). These potentials are employed to derive spectroscopic parameters for the Ba(+)-RG and Ba(2+)-RG complexes, and also to derive the transport coefficients for Ba(+) and Ba(2+) moving through a bath of the rare gas. The results are compared to the limited experimental data, which generally show reasonable agreement. We identify a large change in binding energy going from Ba(+)-He and Ba(+)-Ne to Ba(+)-Ar, which is not present in Ba(2+)-RG, and show that this is due to significant dispersion interactions in Ba(+)-RG.},
	Author = {McGuirk, Maureen F and Viehland, Larry a and Lee, Edmond P F and Breckenridge, W H and Withers, Carolyn D and Gardner, Adrian M and Plowright, Richard J and Wright, Timothy G},
	Date-Added = {2015-10-28 13:27:29 +0000},
	Date-Modified = {2015-11-12 22:07:19 +0000},
	Doi = {10.1063/1.3132543},
	File = {:Users/a100664/Library/Containers/com.apple.mail/Data/Library/Mail Downloads/3B7A5D90-2171-4B65-A9A8-F67153ABD8F7/BariumComplexes.pdf:pdf},
	Isbn = {1089-7690 (Electronic) 0021-9606 (Linking)},
	Issn = {1089-7690},
	Journal = {The Journal of Chemical Physics},
	Number = {19},
	Pages = {194305},
	Pmid = {19466834},
	Title = {{Theoretical study of Ba(n+)-RG (RG = rare gas) complexes and transport of Ba(n+) through RG (n = 1,2; RG = He-Rn).}},
	Volume = {130},
	Year = {2009},
	Bdsk-Url-1 = {http://dx.doi.org/10.1063/1.3132543}}

@article{Danilov:2000pp,
	Archiveprefix = {arXiv},
	Author = {M. Danilov and R. DeVoe and A. Dolgolenko and G. Giannini and G. Gratta and P. Picchi and A. Piepke and F. Pietropaolo and P. Vogel and J-L. Vuilleumier and Y-F. Wang and O. Zeldovich},
	Booktitle = {{Low energy solar neutrino detection. Proceedings, 2nd International Workshop, LoWNu2, Tokyo, Japan, December 4-5, 2000}},
	Date-Added = {2015-10-27 00:14:49 +0000},
	Date-Modified = {2015-11-12 21:56:52 +0000},
	Doi = {10.1016/S0370-2693(00)00404-4},
	Eprint = {hep-ex/0002003},
	Journal = {Physics Letters},
	Pages = {12-18},
	Primaryclass = {hep-ex},
	Reportnumber = {STANFORD-HEP-00-01},
	Slaccitation = {%%CITATION = HEP-EX/0002003;%%},
	Title = {{Detection of very small neutrino masses in double beta decay using laser tagging}},
	Volume = {B480},
	Year = {2000},
	Bdsk-Url-1 = {http://dx.doi.org/10.1016/S0370-2693(00)00404-4}}

@article{PhysRev.107.1646,
	Author = {Green, Alex E. S.},
	Date-Added = {2015-10-26 23:53:14 +0000},
	Date-Modified = {2015-11-12 22:04:36 +0000},
	Doi = {10.1103/PhysRev.107.1646},
	Issue = {6},
	Journal = {Physical Review},
	Month = {Sep},
	Numpages = {0},
	Pages = {1646--1650},
	Publisher = {American Physical Society},
	Title = {Single Electron Shakeoff Probability Following the Beta Decay of Krypton},
	Url = {http://link.aps.org/doi/10.1103/PhysRev.107.1646},
	Volume = {107},
	Year = {1957},
	Bdsk-Url-1 = {http://link.aps.org/doi/10.1103/PhysRev.107.1646},
	Bdsk-Url-2 = {http://dx.doi.org/10.1103/PhysRev.107.1646}}

@article{Flatt:2007aa,
	Archiveprefix = {arXiv},
	Author = {B. Flatt and M. Green and J. Wodin and R. DeVoe and P. Fierlinger and G. Gratta and F. LePort and M. Montero Diez and R. Neilson and K. O'Sullivan A. Pocar and E. Baussan and M. Breidenbach and R. Conley and William M. Fairbank and Jr. and J. Farine and K. Hall and D. Hallman and C. Hargrove and M. Hauger and J. Hodgson and F. Juget and D.S. Leonard and D. Mackay and Y. Martin and B. Mong and A. Odian and L. Ounalli and A. Piepke and C.Y. Prescott and P.C. Rowson and K. Skarpaas and D. Schenker and D. Sinclair and V. Strickland and C. Virtue and J.-L. Vuilleuimier and J.-M. Vuilleuimier and K. Wamba and P. Weber},
	Date-Added = {2015-10-26 21:11:04 +0000},
	Date-Modified = {2015-11-12 21:51:19 +0000},
	Doi = {10.1016/j.nima.2007.05.123},
	Eprint = {0704.1646},
	Journal = {Nuclear Instruments and Methods in Physics Research Section A: Accelerators, Spectrometers, Detectors and Associated Equipment},
	Pages = {399-408},
	Primaryclass = {physics.ins-det},
	Reportnumber = {SLAC-PUB-13081},
	Slaccitation = {%%CITATION = ARXIV:0704.1646;%%},
	Title = {{A linear RFQ ion trap for the Enriched Xenon Observatory}},
	Volume = {A578},
	Year = {2007},
	Bdsk-Url-1 = {http://dx.doi.org/10.1016/j.nima.2007.05.123}}

@article{Twelker:2014zsa,
	Archiveprefix = {arXiv},
	Author = {K. Twelker and S. Kravitz and M. Montero D{\'\i}ez and G. Gratta and W. Fairbank Jr. and J.B. Albert and D.J. Auty and P.S. Barbeau and D. Beck and C. Benitez-Medina and M. Breidenbach and T. Brunner and G.F. Cao and C. Chambers and B. Cleveland and M. Coon and A. Craycraft and T. Daniels and S.J. Daugherty and C.G. Davis and R. DeVoe and S. Delaquis and T. Didberidze and J. Dilling and M.J. Dolinski and M. Dunford and L. Fabris and J. Farine and W. Feldmeier and P. Fierlinger and D. Fudenberg and G. Giroux and R. Gornea and K. Graham and C. Hall and M. Heffner and S. Herrin and M. Hughes and X.S. Jiang and T.N. Johnson and S. Johnston and A. Karelin and L.J. Kaufman and R. Killick and T. Koffas and R. Kr{\"u}cken and A. Kuchenkov and K.S. Kumar and D.S. Leonard and F. Leonard and C. Licciardi and Y.H. Lin and R. MacLellan and M.G. Marino and B. Mong and D. Moore and A. Odian and I. Ostrovskiy and C. Ouellet and A. Piepke and A. Pocar and F. Retiere and P.C. Rowson and M.P. Rozo and A. Schubert and D. Sinclair and E. Smith and V. Stekhanov and M. Tarka and T. Tolba and D. Tosi and J.-L. Vuilleumier and J. Walton and T. Walton and M. Weber and L.J. Wen and U. Wichoski and L. Yang and Y.-R. Yen and Y.B. Zhao},
	Date-Added = {2015-10-26 21:10:41 +0000},
	Date-Modified = {2015-11-12 21:54:51 +0000},
	Doi = {10.1063/1.4895646},
	Eprint = {1407.0618},
	Journal = {Review of Scientific Instruments},
	Pages = {095114},
	Primaryclass = {physics.ins-det},
	Slaccitation = {%%CITATION = ARXIV:1407.0618;%%},
	Title = {{An apparatus to manipulate and identify individual Ba ions from bulk liquid Xe}},
	Volume = {85},
	Year = {2014},
	Bdsk-Url-1 = {http://dx.doi.org/10.1063/1.4895646}}

@article{Brunner:2014sfa,
	Archiveprefix = {arXiv},
	Author = {Thomas Brunner and Daniel Fudenberg and Victor Varentsov and Amanda Sabourov and Giorgio Gratta and Jens Dilling and Ralph DeVoe and David Sinclair and William Fairbank Jr. and Joshua B Albert and David J Auty and Phil S Barbeau and Douglas Beck and Cesar Benitez-Medina and Martin Breidenbach and Guofu F Cao and Christopher Chambers and Bruce Cleveland and Matthew Coon and Adam Craycraft and Timothy Daniels and Sean J Daugherty and Tamar Didberidze and Michelle J Dolinski and Matthew Dunford and Lorenzo Fabris and Jacques Farine and Wolfhart Feldmeier and Peter Fierlinger and Razvan Gornea and Kevin Graham and Mike Heffner and Mitchell Hughes and Michael Jewell and Xiaoshan S Jiang and Tessa N Johnson and Sereres Johnston and Alexander Karelin and Lisa J Kaufman and Ryan Killick and Thomas Koffas and Scott Kravitz and Reiner Kruecken and Alexey Kuchenkov and Krishna S Kumar and Douglas S Leonard and Francois Leonard and Caio Licciardi and Yi-Hsuan H Lin and Jiajie Ling and Ryan MacLellan and Michael G Marino and Brian Mong and David Moore and Allen Odian and Igor Ostrovskiy and Christian Ouellet and Andreas Piepke and Andrea Pocar and Fabrice Retiere and Peter C Rowson and Maria P Rozo and Alexis Schubert and Erica Smith and Victor Stekhanov and Michal Tarka and Tamer Tolba and Delia Tosi and Karl Twelker and Jean-Luc L Vuilleumier and Josiah Walton and Timothy Walton and Manuel Weber and Liangjian J Wen and Ubi Wichoski and Liang Yang and Yung-Ruey Yen},
	Date-Added = {2015-10-26 21:10:18 +0000},
	Date-Modified = {2015-11-12 21:54:59 +0000},
	Doi = {10.1016/j.ijms.2015.01.003},
	Eprint = {1412.1144},
	Journal = {International Journal of Mass Spectrometry},
	Pages = {110-120},
	Primaryclass = {physics.ins-det},
	Slaccitation = {%%CITATION = ARXIV:1412.1144;%%},
	Title = {{An RF-only ion-funnel for extraction from high-pressure gases}},
	Volume = {379},
	Year = {2015},
	Bdsk-Url-1 = {http://dx.doi.org/10.1016/j.ijms.2015.01.003}}

@article{Albert:2015vma,
	Archiveprefix = {arXiv},
	Author = {J.B. Albert and D.J. Auty and P.S. Barbeau and D. Beck and V. Belov and M. Breidenbach and T. Brunner and A. Burenkov and G.F. Cao and C. Chambers and B. Cleveland and M. Coon and A. Craycraft and T. Daniels and M. Danilov and S.J. Daugherty and C.G. Davis and J. Davis and S. Delaquis and A. Der Mesrobian-Kabakian and R. DeVoe and T. Didberidze and A. Dolgolenko and M.J. Dolinski and M. Dunford and W. Fairbank Jr. and J. Farine and W. Feldmeier and P. Fierlinger and D. Fudenberg and R. Gornea and K. Graham and G. Gratta and C. Hall and M. Hughes and M.J. Jewell and X.S. Jiang and A. Johnson and T.N. Johnson and S. Johnston and A. Karelin and L.J. Kaufman and R. Killick and T. Koffas and S. Kravitz and A. Kuchenkov and K.S. Kumar and D.S. Leonard and C. Licciardi and Y.H. Lin and J. Ling and R. MacLellan and M.G. Marino and B. Mong and D. Moore and R. Nelson and K. O'Sullivan and A. Odian and I. Ostrovskiy and A. Piepke and A. Pocar and C.Y. Prescott and A. Robinson and P.C. Rowson and J.J. Russell and A. Schubert and D. Sinclair and E. Smith and V. Stekhanov and M. Tarka and T. Tolba and R. Tsang and K. Twelker and J.-L. Vuilleumier and A. Waite and J. Walton and T. Walton and M. Weber and L.J. Wen and U. Wichoski and J.D. Wright and J. Wood and L. Yang and Y.-R. Yen and O.Ya. Zeldovich},
	Date-Added = {2015-10-26 21:10:03 +0000},
	Date-Modified = {2015-11-12 21:20:52 +0000},
	Eprint = {1506.00317},
	Primaryclass = {nucl-ex},
	Slaccitation = {%%CITATION = ARXIV:1506.00317;%%},
	Title = {{Measurements of the ion fraction and mobility of alpha and beta decay products in liquid xenon using EXO-200}},
	Year = {2015}}

@article{Moe:1991ik,
	Author = {Moe, M. K.},
	Date-Added = {2015-10-26 21:09:43 +0000},
	Date-Modified = {2015-11-12 22:02:59 +0000},
	Doi = {10.1103/PhysRevC.44.931},
	Journal = {Physical Review},
	Pages = {931-934},
	Slaccitation = {%%CITATION = PHRVA,C44,931;%%},
	Title = {{New approach to the detection of neutrinoless double beta decay}},
	Volume = {C44},
	Year = {1991},
	Bdsk-Url-1 = {http://dx.doi.org/10.1103/PhysRevC.44.931}}

@article{Sinclair:2011zz,
	Author = {D. Sinclair and E. Rollin and J. Smith and A. Mommers and N. Ackerman and B. Aharmim and M. Auger and P.S. Barbeau and C. Benitez-Medina and M. Breidenbach and A. Burenkov and S. Cook and A. Coppens and T. Daniels and R. DeVoe and A. Dobi and M.J. Dolinski and K. Donato and and J. Farine and G. Giroux and G. Gornea and K. Graham and G. Gratta and and C. Hagemann and C. Hall and K. Hall and D. Hallman and C. Hargrove and S. Herrin and L.K. Kaufman and D.S. Leonard and F. LePort and D. Mackay and R. MacLennan and B. Mong and M. Montero Diez and A.R. Muller and R. Neilson and E. Niner and A. Odian and K. O'Sullivan and C. Ouellet and A. Piepke and A. Pocar and C.Y. Prescott and K. Pushkin and P.C. Rowson and S. Slutsky and V. Stekhanov and K. Twelker and N. Voskanian and J.L. Vuilleumier and U. Wichoski and J. Wodin and L. Yang and Y.R. Yen},
	Booktitle = {{Proceedings, 5th Symposium on Large TPCs for Low Energy Rare Event Detection and Workshop on Neutrinos from Supernovae}},
	Date-Added = {2015-10-26 21:05:40 +0000},
	Date-Modified = {2015-11-12 22:04:10 +0000},
	Doi = {10.1088/1742-6596/309/1/012005},
	Journal = {Journal of Physics Conference Series},
	Pages = {012005},
	Reportnumber = {SLAC-REPRINT-2012-072},
	Slaccitation = {%%CITATION = 00462,309,012005;%%},
	Title = {{Prospects for Barium Tagging in Gaseous Xenon}},
	Volume = {309},
	Year = {2011},
	Bdsk-Url-1 = {http://dx.doi.org/10.1088/1742-6596/309/1/012005}}

@article{Mong:2014iya,
	Archiveprefix = {arXiv},
	Author = {B. Mong and S. Cook and T. Walton and C. Chambers and A. Craycraft and C. Benitez-Medina and K. Hall and W. Fairbank Jr. and J.B. Albert and D.J. Auty and P.S. Barbeau and V. Basque and D. Beck and M. Breidenbach and T. Brunner and G.F. Cao and B. Cleveland and M. Coon and T. Daniels and S.J. Daugherty and R. DeVoe and T. Didberidze and J. Dilling and M.J. Dolinski and M. Dunford and L. Fabris and J. Farine and W. Feldmeier and P. Fierlinger and D. Fudenberg and G. Giroux and R. Gornea and K. Graham and G. Gratta and M. Heffner and M. Hughes and X.S. Jiang and T.N. Johnson and S. Johnston and A. Karelin and L.J. Kaufman and R. Killick and T. Koffas and S. Kravitz and R. Krucken and A. Kuchenkov and K.S. Kumar and D.S. Leonard and C. Licciardi and Y.H. Lin and J. Ling and R. MacLellan and M.G. Marino and D. Moore and A. Odian and I. Ostrovskiy and A. Piepke and A. Pocar and F. Retiere and P.C. Rowson and M.P. Rozo and A. Schubert and D. Sinclair and E. Smith and V. Stekhanov and M. Tarka and T. Tolba and K. Twelker and J.-L. Vuilleumier and J. Walton and M. Weber and L.J. Wen and U. Wichoski and L. Yang and Y.-R. Yen and Y.B. Zhao},
	Date-Added = {2015-10-26 21:04:57 +0000},
	Date-Modified = {2015-11-12 22:04:42 +0000},
	Doi = {10.1103/PhysRevA.91.022505},
	Eprint = {1410.2624},
	Journal = {Physical Review},
	Number = {2},
	Pages = {022505},
	Primaryclass = {physics.atom-ph},
	Slaccitation = {%%CITATION = ARXIV:1410.2624;%%},
	Title = {{Spectroscopy of Ba and Ba$^+$ deposits in solid xenon for barium tagging in nEXO}},
	Volume = {A91},
	Year = {2015},
	Bdsk-Url-1 = {http://dx.doi.org/10.1103/PhysRevA.91.022505}}
